<record><leader>00000cas a22000007a 4500</leader><controlfield tag="001">17277021</controlfield><controlfield tag="008">871222d18831uuuinudn ne      0    0eng d</controlfield><datafield ind1=" " ind2=" " tag="010"><subfield code="a">sn 87056759 </subfield></datafield><datafield ind1=" " ind2=" " tag="040"><subfield code="a">NPI</subfield><subfield code="b">eng</subfield><subfield code="c">NPI</subfield><subfield code="d">OCLCQ</subfield></datafield><datafield ind1=" " ind2=" " tag="042"><subfield code="a">msc</subfield></datafield><datafield ind1="0" ind2=" " tag="130"><subfield code="a">Morning herald (Anderson, Ind.)</subfield></datafield><datafield ind1="1" ind2="4" tag="245"><subfield code="a">The morning herald.</subfield></datafield><datafield ind1=" " ind2=" " tag="260"><subfield code="a">Anderson, Ind. :</subfield><subfield code="b">J.Q. Donnell</subfield></datafield><datafield ind1=" " ind2=" " tag="310"><subfield code="a">Daily (except Mon.)</subfield></datafield><datafield ind1="1" ind2=" " tag="362"><subfield code="a">Began in 1883.</subfield><subfield code="z">Cf. Ayer, 1897.</subfield></datafield><datafield ind1=" " ind2=" " tag="515"><subfield code="a">Vol. 34, no. 3 (Feb. 2, 1889) misnumbered v. 32.</subfield></datafield><datafield ind1=" " ind2=" " tag="580"><subfield code="a">Published also in weekly eds. called: Anderson herald (Anderson, Ind. : Weekly); and : Anderson weekly herald.</subfield></datafield><datafield ind1=" " ind2=" " tag="588"><subfield code="a">Description based on: Vol. 13, no. 112 (May 4, 1893).</subfield></datafield><datafield ind1=" " ind2=" " tag="752"><subfield code="a">United States</subfield><subfield code="b">Indiana</subfield><subfield code="c">Madison</subfield><subfield code="d">Anderson.</subfield></datafield><datafield ind1="1" ind2=" " tag="775"><subfield code="t">Anderson herald (Anderson, Ind. : Weekly)</subfield><subfield code="w">(DLC)sn 84027095</subfield></datafield><datafield ind1="1" ind2=" " tag="775"><subfield code="t">Anderson weekly herald</subfield><subfield code="w">(DLC)sn 87056731</subfield></datafield><datafield ind1="0" ind2="0" tag="785"><subfield code="t">Daily herald (Anderson, Ind.)</subfield><subfield code="w">(DLC)sn 86058386</subfield></datafield></record>